@article{Geim2007,
author = {Geim, A K and Novoselov, K S},
journal = {Nature Materials},
month = {mar},
pages = {183},
publisher = {Nature Publishing Group},
title = {{The rise of graphene}},
url = {https://doi.org/10.1038/nmat1849 http://10.0.4.14/nmat1849},
volume = {6},
year = {2007}
}
