@article{Dutta2015,
author = {Dutta, Omjyoti and Gajda, Mariusz and Hauke, Philipp and Lewenstein, Maciej and L{\"{u}}hmann, Dirk-S{\"{o}}ren and Malomed, Boris A and Sowi{\'{n}}ski, Tomasz and Zakrzewski, Jakub},
doi = {10.1088/0034-4885/78/6/066001},
file = {:Users/matthewrispoli/Dropbox/Dissertate-Harvard-LaTeX/notes/Dutta{\_}2015{\_}Rep.{\_}Prog.{\_}Phys.{\_}78{\_}066001.pdf:pdf},
issn = {0034-4885},
journal = {Reports on Progress in Physics},
month = {jun},
number = {6},
pages = {066001},
title = {{Non-standard Hubbard models in optical lattices: a review}},
url = {http://stacks.iop.org/0034-4885/78/i=6/a=066001?key=crossref.01377f11f365801cf5357ba2b9bf9ee1},
volume = {78},
year = {2015}
}
